@book{latex,
  title = {LaTeX : A Documentation Preparation System User's Guide and Reference Manual},
  publisher = {Addison-Wesley Professional},
  year = {1994},
  author = {Leslie Lamport}
}

@Misc{ARM09,
  author = {{ARM Limited}},
  note   = {Issue C},
  title  = {ARM Security Technology - Building a Secure System using TrustZone Technology},
  year   = {2009},
}

@Misc{eclipse,
  author = {Eclipse foundation},
  title  = {{IoT \& Edge Developer Survey Report}},
  year   = {2022},
  note   = {(Accessed July 2022)},
  url    = {https://outreach.eclipse.foundation/iot-edge-developer-2021},
}

@InProceedings{kauerBernhard,
  author    = {Bernhard Kauer},
  booktitle = {16th USENIX Security Symposium (USENIX Security 07)},
  title     = {{OSLO}: Improving the Security of Trusted Computing},
  year      = {2007},
  address   = {Boston, MA},
  month     = aug,
  publisher = {USENIX Association},
  url       = {https://www.usenix.org/conference/16th-usenix-security-symposium/oslo-improving-security-trusted-computing},
}

@Article{Winter2013,
  author    = {Johannes Winter and Kurt Dietrich},
  journal   = {Computers \& Mathematics with Applications},
  title     = {A hijacker's guide to communication interfaces of the trusted platform module},
  year      = {2013},
  month     = {mar},
  number    = {5},
  pages     = {748--761},
  volume    = {65},
  doi       = {10.1016/j.camwa.2012.06.018},
  publisher = {Elsevier {BV}},
}

@Article{sparks2007,
  author  = {Evan R. Sparks},
  journal = {Dartmouth College Undergraduate Theses},
  title   = {{A Security Assessment of Trusted Platform Modules}},
  year    = {2007},
}

@inproceedings{Kursawe2005AnalyzingTP,
  title={Analyzing trusted platform communication},
  author={Klaus Kursawe and Dries Schellekens and Bart Preneel},
  year={2005}
}

@Misc{tarnovsky,
  author = {Christopher Tarnovsky},
  title  = {Hacking the smartcard chip},
  year   = {2010},
  url    = {http://www.blackhat.com/html/bh-dc-10/bh-dc-10-archives.html},
}

@Misc{tcgPcClient,
  author = {{Trusted Computing Group}},
  month  = may,
  note   = {Level 00 Version 1.05 Revision 23},
  title  = {TCG PC Client Platform Firmware Profile Specification},
  year   = {2021},
}

@Comment{jabref-meta: databaseType:bibtex;}
